<record><leader>00000cas a22000007a 4500</leader><controlfield tag="001">23966650</controlfield><controlfield tag="008">910621d18921893nyudn ne      0    0eng d</controlfield><datafield ind1=" " ind2=" " tag="010"><subfield code="a">sn 91066330 </subfield></datafield><datafield ind1=" " ind2=" " tag="040"><subfield code="a">NYS</subfield><subfield code="b">eng</subfield><subfield code="c">NYS</subfield><subfield code="d">OCLCQ</subfield></datafield><datafield ind1=" " ind2=" " tag="042"><subfield code="a">msc</subfield></datafield><datafield ind1="0" ind2="0" tag="245"><subfield code="a">Cortland standard and Cortland daily journal.</subfield></datafield><datafield ind1="1" ind2="3" tag="246"><subfield code="a">Cortland standard and daily journal</subfield></datafield><datafield ind1="1" ind2="7" tag="246"><subfield code="a">Cortland evening standard and journal</subfield></datafield><datafield ind1=" " ind2=" " tag="260"><subfield code="a">Cortland, N.Y. :</subfield><subfield code="b">William H. Clark, William D. Blodgett</subfield></datafield><datafield ind1=" " ind2=" " tag="300"><subfield code="a">v. ;</subfield><subfield code="c">54 cm.</subfield></datafield><datafield ind1=" " ind2=" " tag="310"><subfield code="a">Daily (except Sunday)</subfield></datafield><datafield ind1="0" ind2=" " tag="362"><subfield code="a">No. 108 (July 13, 1892)-no. 267 (Jan. 18, 1893).</subfield></datafield><datafield ind1=" " ind2="4" tag="651"><subfield code="a">Cortland (N.Y.)</subfield><subfield code="v">Newspapers.</subfield></datafield><datafield ind1=" " ind2=" " tag="752"><subfield code="a">United States</subfield><subfield code="b">New York</subfield><subfield code="c">Cortland</subfield><subfield code="d">Cortland.</subfield></datafield><datafield ind1="0" ind2=" " tag="775"><subfield code="a">Cortland standard and weekly journal</subfield><subfield code="w">(DLC)sn 91066238</subfield><subfield code="w">(OCoLC)23966204</subfield></datafield><datafield ind1="0" ind2="4" tag="780"><subfield code="t">Cortland standard (Cortland, N.Y. : 1892)</subfield><subfield code="w">(DLC)sn 84031115</subfield></datafield><datafield ind1="0" ind2="4" tag="780"><subfield code="t">Cortland daily journal</subfield><subfield code="w">(DLC)sn 91066289</subfield><subfield code="w">(OCoLC)23844488</subfield></datafield><datafield ind1="0" ind2="0" tag="785"><subfield code="t">Cortland standard (Cortland, N.Y. : 1893)</subfield><subfield code="w">(DLC)sn 91066331</subfield><subfield code="w">(OCoLC)23966844</subfield></datafield><datafield ind1="1" ind2=" " tag="029"><subfield code="a">AU@</subfield><subfield code="b">000025906972</subfield></datafield></record>